  @Article{scoringRules,
    title = {Evaluating Probabilistic Forecasts with {scoringRules}},
    author = {Alexander Jordan and Fabian Kr\"uger and Sebastian Lerch},
    journal = {Journal of Statistical Software},
    year = {2019},
    volume = {90},
    number = {12},
    pages = {1--37},
    doi = {10.18637/jss.v090.i12},
  }

  @Manual{Metrics,
    title = {Metrics: Evaluation Metrics for Machine Learning},
    author = {Ben Hamner and Michael Frasco},
    year = {2018},
    note = {R package version 0.1.4},
    url = {https://CRAN.R-project.org/package=Metrics},
  }

  @Manual{MLmetrics,
    title = {MLmetrics: Machine Learning Evaluation Metrics},
    author = {Yachen Yan},
    year = {2016},
    note = {R package version 1.1.1},
    url = {https://CRAN.R-project.org/package=MLmetrics},
  }

  @Manual{R,
    title = {R: A Language and Environment for Statistical Computing},
    author = {{R Core Team}},
    organization = {R Foundation for Statistical Computing},
    address = {Vienna, Austria},
    year = {2021},
    url = {https://www.R-project.org/},
  }

    @Manual{topmodels,
    title = {topmodels: Infrastructure for Inference and Forecasting in Probabilistic
Models},
    author = {Achim Zeileis and Moritz N. Lang},
    year = {2022},
    note = {R package version 0.1-0/r1498},
    url = {https://R-Forge.R-project.org/projects/topmodels/},
  }

  @Article{tscount,
    title = {{tscount}: An {R} Package for Analysis of Count Time Series Following Generalized Linear Models},
    author = {Tobias Liboschik and Konstantinos Fokianos and Roland Fried},
    journal = {Journal of Statistical Software},
    year = {2017},
    volume = {82},
    number = {5},
    pages = {1--51},
    doi = {10.18637/jss.v082.i05},
  }

  @Book{ggplot2,
    author = {Hadley Wickham},
    title = {ggplot2: Elegant Graphics for Data Analysis},
    publisher = {Springer-Verlag New York},
    year = {2016},
    isbn = {978-3-319-24277-4},
    url = {https://ggplot2.tidyverse.org},
  }

  @Manual{tibble,
    title = {tibble: Simple Data Frames},
    author = {Kirill MÃ¼ller and Hadley Wickham},
    year = {2022},
    note = {R package version 3.1.7},
    url = {https://CRAN.R-project.org/package=tibble},
  }

  @Manual{kableExtra,
    title = {kableExtra: Construct Complex Table with 'kable' and Pipe Syntax},
    author = {Hao Zhu},
    year = {2021},
    note = {R package version 1.3.4},
    url = {https://CRAN.R-project.org/package=kableExtra},
  }
